<?xml version="1.0" encoding="UTF-8"?><collection xmlns="http://www.loc.gov/MARC21/slim"><record><leader>00473nam--2200133-i-4500</leader><controlfield tag="001">000027985</controlfield><controlfield tag="002">20161230</controlfield><controlfield tag="005">20161230201037</controlfield><controlfield tag="008">060222s1000------------r-----000-0-eng-d</controlfield><datafield ind1=" " ind2=" " tag="080"><subfield code="a">015:016-073:621.039.85</subfield></datafield><datafield ind1=" " ind2=" " tag="100"><subfield code="a">Lautier, Andre</subfield></datafield><datafield ind1=" " ind2=" " tag="245"><subfield code="a">Essais theoriques et experimentaux de determination de transferts gazeux au moyen d`un element oxygenerateur a membranes. these</subfield></datafield><datafield ind1=" " ind2=" " tag="260"><subfield code="a">Paris, Faculte De Sciences De L`Univ.,De Paris, 1971. 71p. + Viii Table</subfield></datafield><datafield ind1=" " ind2=" " tag="852"><subfield code="a">38982</subfield></datafield></record></collection>